@misc{EPRINT:DeCTsu10,
    author = {Emiliano De Cristofaro and Gene Tsudik},
    title = {Practical Private Set Intersection Protocols with  Linear Computational and Bandwidth Complexity},
    howpublished = {Cryptology ePrint Archive, Report 2009/491},
    year = {2009},
    note = {\url{https://eprint.iacr.org/2009/491}},
}

@inproceedings{DLP,
  title={The discrete logarithm problem},
  author={McCurley, Kevin S},
  booktitle={Proc. of Symp. in Applied Math},
  volume={42},
  pages={49--74},
  year={1990},
  organization={USA}
}

